@article{cover1994processes,
  title={Which processes satisfy the second law},
  author={Cover, Thomas M and Halliwell, J},
  journal={Physical origins of time asymmetry},
  pages={98--107},
  year={1994},
  publisher={Cambridge University Press New York, NY}
}

@article{barde2020macroeconomic,
    title = {Macroeconomic simulation comparison with a multivariate extension of the Markov information criterion},
    author = {Barde, Sylvain},
    journal = {Journal of Economic Dynamics and Control},
    volume = {111},
    year = {2020},
    publisher = {Elsevier}
}

@article{Kostoska2020absorbingmc,
    AUTHOR = {Kostoska, Olivera and Stojkoski, Viktor and Kocarev, Ljupco},
    TITLE = {On the Structure of the World Economy: An Absorbing Markov Chain Approach},
    JOURNAL = {Entropy},
    VOLUME = {22},
    YEAR = {2020},
    NUMBER = {4},
    ARTICLE-NUMBER = {482},
    URL = {https://www.mdpi.com/1099-4300/22/4/482},
}

@article{Rahman2022mccharacteristics,
    author = {Rahman, Atiqur and Kemper, Peter},
    title = {Simulation Study to Identify the Characteristics of Markov Chain Properties},
    year = {2020},
    publisher = {Association for Computing Machinery},
    volume = {30},
    number = {2},
    issn = {1049-3301},
    url = {https://doi.org/10.1145/3361744}
}