@article{cover1994processes,
  title   = {Which processes satisfy the second law},
  author  = {Cover, Thomas M and Halliwell, J},
  journal = {Cambridge University Press New York, NY},
  pages   = {98--107},
  year    = {1994}
}

@article{barde2020macroeconomic,
  title   = {Macroeconomic simulation comparison with a multivariate extension of the Markov information criterion},
  author  = {Barde, Sylvain},
  journal = {Journal of Economic Dynamics and Control},
  volume  = {111},
  year    = {2020}
}

@article{Kostoska2020absorbingmc,
  author         = {Kostoska, Olivera and Stojkoski, Viktor and Kocarev, Ljupco},
  title          = {On the Structure of the World Economy: An Absorbing Markov Chain Approach},
  journal        = {Entropy},
  volume         = {22},
  year           = {2020},
  number         = {4},
  article-number = {482},
  url            = {https://www.mdpi.com/1099-4300/22/4/482}
}

@article{Rahman2022mccharacteristics,
  author  = {Rahman, Atiqur and Kemper, Peter},
  title   = {Simulation Study to Identify the Characteristics of Markov Chain Properties},
  year    = {2020},
  journal = {Association for Computing Machinery},
  volume  = {30},
  number  = {2},
  issn    = {1049-3301},
  url     = {https://doi.org/10.1145/3361744}
}

@article{tribus1971information,
  issn      = {00368733, 19467087},
  url       = {http://www.jstor.org/stable/24923125},
  author    = {Myron Tribus and Edward C. McIrvine},
  journal   = {Scientific American},
  number    = {3},
  pages     = {179--190},
  publisher = {Scientific American, a division of Nature America, Inc.},
  title     = {ENERGY AND INFORMATION},
  urldate   = {2023-01-09},
  volume    = {225},
  year      = {1971}
}

